@article{Bozek:2013uha,
      author         = "Bozek, Piotr and Broniowski, Wojciech",
      title          = "{Collective dynamics in high-energy proton-nucleus
                        collisions}",
      journal        = "Phys. Rev.",
      volume         = "C88",
      year           = "2013",
      number         = "1",
      pages          = "014903",
      doi            = "10.1103/PhysRevC.88.014903",
      eprint         = "1304.3044",
      archivePrefix  = "arXiv",
      primaryClass   = "nucl-th",
      SLACcitation   = "%%CITATION = ARXIV:1304.3044;%%"
}
@article{Dusling:2013qoz,
      author         = "Dusling, Kevin and Venugopalan, Raju",
      title          = "{Comparison of the color glass condensate to dihadron
                        correlations in proton-proton and proton-nucleus
                        collisions}",
      journal        = "Phys. Rev.",
      volume         = "D87",
      year           = "2013",
      number         = "9",
      pages          = "094034",
      doi            = "10.1103/PhysRevD.87.094034",
      eprint         = "1302.7018",
      archivePrefix  = "arXiv",
      primaryClass   = "hep-ph",
      SLACcitation   = "%%CITATION = ARXIV:1302.7018;%%"
}
@article{Abelev:2012ola,
      author         = "Abelev, Betty and others",
      title          = "{Long-range angular correlations on the near and away
                        side in $p$-Pb collisions at $\sqrt{s_{NN}}=5.02$ TeV}",
      collaboration  = "ALICE Collaboration",
      journal        = "Phys.~Lett.~B",
      volume         = "719",
      pages          = "29",
      doi            = "10.1016/j.physletb.2013.01.012",
      year           = "2013",
      xeprint         = "1212.2001",
      xarchivePrefix  = "arXiv",
      xprimaryClass   = "nucl-ex",
      xreportNumber   = "CERN-PH-EP-2012-359",
      xSLACcitation   = "%%CITATION = ARXIV:1212.2001;%%",
}
@article{Aad:2012gla,
      author         = "Aad, Georges and others",
      title          = "{Observation of Associated Near-side and Away-side
                        Long-range Correlations in $\sqrt{s_{NN}}$=5.02 TeV
                        Proton-lead Collisions with the ATLAS Detector}",
      collaboration  = "ATLAS Collaboration",
      journal        = "Phys.~Rev.~Lett.",
      volume         = "110",
      pages          = "182302",
      doi            = "10.1103/PhysRevLett.110.182302",
      year           = "2013",
      xeprint         = "1212.5198",
      xarchivePrefix  = "arXiv",
      xprimaryClass   = "hep-ex",
      xreportNumber   = "CERN-PH-EP-2012-366",
      xSLACcitation   = "%%CITATION = ARXIV:1212.5198;%%",
}
@article{Aad:2014lta,
      author         = "Aad, Georges and others",
      title          = "{Measurement of long-range pseudorapidity correlations
                        and azimuthal harmonics in $\sqrt{s_{\mathrm{NN}}}$ = 5.02
                        TeV proton-lead collisions with the ATLAS detector}",
      collaboration  = "ATLAS Collaboration",
      year           = "2014",
      journal        = "Phys.~Rev.~C",
      volume         = "90",
      pages          = "044906",
      doi            = "10.1103/PhysRevC.90.044906",
      xeprint         = "1409.1792",
      xarchivePrefix  = "arXiv",
      xprimaryClass   = "hep-ex",
      xreportNumber   = "CERN-PH-EP-2014-201",
      SLACcitation   = "%%CITATION = ARXIV:1409.1792;%%",
}
@article{Aad:2015gqa,
      author         = "Aad, Georges and others",
      title          = "{Observation of Long-Range Elliptic Azimuthal
                        Anisotropies in $\sqrt{s}=$13 and 2.76 TeV $pp$
                        Collisions with the ATLAS Detector}",
      collaboration  = "ATLAS",
      journal        = "Phys. Rev. Lett.",
      volume         = "116",
      year           = "2016",
      number         = "17",
      pages          = "172301",
      doi            = "10.1103/PhysRevLett.116.172301",
      eprint         = "1509.04776",
      archivePrefix  = "arXiv",
      primaryClass   = "hep-ex",
      reportNumber   = "CERN-PH-EP-2015-251",
      SLACcitation   = "%%CITATION = ARXIV:1509.04776;%%"
}
@article{Aaboud:2016yar,
      author         = "Aaboud, Morad and others",
      title          = "{Measurements of long-range azimuthal anisotropies and
                        associated Fourier coefficients for $pp$ collisions at
                        $\sqrt{s}=5.02$ and $13$ TeV and $p$+Pb collisions at
                        $\sqrt{s_{\mathrm{NN}}}=5.02$ TeV with the ATLAS
                        detector}",
      collaboration  = "ATLAS",
      year           = "2016",
      eprint         = "1609.06213",
      archivePrefix  = "arXiv",
      primaryClass   = "nucl-ex",
      reportNumber   = "CERN-EP-2016-200",
      SLACcitation   = "%%CITATION = ARXIV:1609.06213;%%"
}
@article{Khachatryan:2016txc,
      author         = "Khachatryan, Vardan and others",
      title          = "{Evidence for collectivity in pp collisions at the LHC}",
      collaboration  = "CMS",
      journal        = "Submitted to: Physics Letters B",
      year           = "2016",
      eprint         = "1606.06198",
      archivePrefix  = "arXiv",
      primaryClass   = "nucl-ex",
      reportNumber   = "CMS-HIN-16-010, CERN-EP-2016-147",
      SLACcitation   = "%%CITATION = ARXIV:1606.06198;%%"
}
@article{Borghini:2000sa,
      author         = "Borghini, Nicolas and Dinh, Phuong Mai and Ollitrault,
                        Jean-Yves",
      title          = "{A New method for measuring azimuthal distributions in
                        nucleus-nucleus collisions}",
      journal        = "Phys.~Rev.~C",
      volume         = "63",
      pages          = "054906",
      doi            = "10.1103/PhysRevC.63.054906",
      year           = "2001",
      xeprint         = "nucl-th/0007063",
      xarchivePrefix  = "arXiv",
      xprimaryClass   = "nucl-th",
      xreportNumber   = "SACLAY-SPH-T-00-110",
      xSLACcitation   = "%%CITATION = NUCL-TH/0007063;%%",
}
@article{Aad:2013fja,
      author         = "Aad, Georges and others",
      title          = "{Measurement with the ATLAS detector of multi-particle
                        azimuthal correlations in p+Pb collisions at
                        $\sqrt{s_{NN}}$ =5.02 TeV}",
      collaboration  = "ATLAS",
      journal        = "Phys. Lett.",
      volume         = "B725",
      year           = "2013",
      pages          = "60-78",
      doi            = "10.1016/j.physletb.2013.06.057",
      eprint         = "1303.2084",
      archivePrefix  = "arXiv",
      primaryClass   = "hep-ex",
      reportNumber   = "CERN-PH-EP-2013-029",
      SLACcitation   = "%%CITATION = ARXIV:1303.2084;%%"
}
@article{Khachatryan:2015waa,
      author         = "Khachatryan, Vardan and others",
      title          = "{Evidence for Collective Multiparticle Correlations in
                        p-Pb Collisions}",
      collaboration  = "CMS",
      journal        = "Phys. Rev. Lett.",
      volume         = "115",
      year           = "2015",
      number         = "1",
      pages          = "012301",
      doi            = "10.1103/PhysRevLett.115.012301",
      eprint         = "1502.05382",
      archivePrefix  = "arXiv",
      primaryClass   = "nucl-ex",
      reportNumber   = "CMS-HIN-14-006, CERN-PH-EP-2015-011",
      SLACcitation   = "%%CITATION = ARXIV:1502.05382;%%"
}
@article{Bilandzic:2010jr,
      author         = "Bilandzic, Ante and Snellings, Raimond and Voloshin,
                        Sergei",
      title          = "{Flow analysis with cumulants: Direct calculations}",
      journal        = "Phys.~Rev.~C",
      volume         = "83",
      pages          = "044913",
      doi            = "10.1103/PhysRevC.83.044913",
      year           = "2011",
      xeprint         = "1010.0233",
      xarchivePrefix  = "arXiv",
      xprimaryClass   = "nucl-ex",
      xSLACcitation   = "%%CITATION = ARXIV:1010.0233;%%",
}

@phdthesis{Bilandzic:2012wva,
      author         = "Bilandzic, Ante",
      title          = "{Anisotropic flow measurements in ALICE at the large
                        hadron collider}",
      school         = "Utrecht U.",
      year           = "2012",
      url            = "https://inspirehep.net/record/1186272/files/CERN-THESIS-2012-018.pdf",
      reportNumber   = "CERN-THESIS-2012-018",
      SLACcitation   = "%%CITATION = CERN-THESIS-2012-018;%%"
}
@article{Bilandzic:2013kga,
      author         = "Bilandzic, Ante and Christensen, Christian Holm and
                        Gulbrandsen, Kristjan and Hansen, Alexander and Zhou, You",
      title          = "{Generic framework for anisotropic flow analyses with
                        multiparticle azimuthal correlations}",
      journal        = "Phys. Rev.",
      volume         = "C89",
      year           = "2014",
      number         = "6",
      pages          = "064904",
      doi            = "10.1103/PhysRevC.89.064904",
      eprint         = "1312.3572",
      archivePrefix  = "arXiv",
      primaryClass   = "nucl-ex",
      SLACcitation   = "%%CITATION = ARXIV:1312.3572;%%"
}
@article{Abelev:2014mda,
      author         = "Abelev, Betty Bezverkhny and others",
      title          = "{Multi-particle azimuthal correlations in p-Pb and Pb-Pb
                        collisions at the CERN Large Hadron Collider}",
      collaboration  = "ALICE Collaboration",
      year           = "2014",
      journal        = "Phys.~Rev.~C",
      volume         = "90",
      pages          = "054901",
      doi            = "10.1103/PhysRevC.90.054901",
      xeprint         = "1406.2474",
      xarchivePrefix  = "arXiv",
      xprimaryClass   = "nucl-ex",
      xreportNumber   = "CERN-PH-EP-2014-105",
      xSLACcitation   = "%%CITATION = ARXIV:1406.2474;%%",
}
@article{Aad:2008zzm,
      xauthor         = "Aad, G. and others",
      title          = "{The ATLAS Experiment at the CERN Large Hadron Collider}",
      collaboration  = "ATLAS",
      journal        = "JINST",
      volume         = "3",
      pages          = "S08003",
      doi            = "10.1088/1748-0221/3/08/S08003",
      year           = "2008",
      SLACcitation   = "%%CITATION = JINST,3,S08003;%%",
}
@article{Aad:ID,
      xauthor         = "Aad, Georges and others",
      collaboration  = "ATLAS",
      journal        = "Eur.~Phys.~J.~C",
      volume         = "70",
      pages          = "787",
      doi            = "10.1140/epjc/s10052-010-1366-7",
      year           = "2010",
      xeprint         = "1004.5293",
      xarchivePrefix  = "arXiv",
      xprimaryClass   = "physics-ins-det",
      xreportNumber   = "CERN-PH-EP-2010-043",
}
@article{atlas:1,
      xauthor         = "Aad, Georges and others",
      title         = "{}",
      collaboration  = "ATLAS",
      journal        = "ATLAS-LHCC-2010-013. ATLAS-TDR-19",
      url            = "https://cds.cern.ch/record/1291633",
}
@article{atlas:2,
      xauthor         = "Aad, Georges and others",
      title         = "{}",
      collaboration  = "ATLAS",
      journal        = "ATLAS-LHCC-2012-009. ATLAS-TDR-19-ADD-1",
      url            = "https://cds.cern.ch/record/1451888",
}
@article{atlas:3,
      xauthor        = "Aad, Georges and others",
      title          = "{Performance of the ATLAS Minimum Bias and Forward Detector Triggers in pPb collisions}",
      collaboration  = "ATLAS",
      journal        = "ATLAS-CONF-2013-104",
      url            = "https://cds.cern.ch/record/1624013",
}
@article{atlas:4,
      xauthor        = "Aad, Georges and others",
      title          = "{Measurement of multi-particle azimuthal correlations in pp collisions at sqrt(s) = 5.02 and 13 TeV with the ATLAS detector}",
      collaboration  = "ATLAS",
      journal        = "ATLAS-CONF-2016-106",
      url            = "https://cds.cern.ch/record/2220374",
}
@article{atlas:6,
      xauthor        = "Aad, Georges and others",
      title          = "{ATLAS tunes of PYTHIA 6 and Pythia 8 for MC11}",
      collaboration  = "ATLAS",
      journal        = "ATLAS-PHYS-PUB-2011-009",
      url            = "https://cds.cern.ch/record/1363300",
}
@article{atlas:9,
      xauthor        = "J. Jia and S. Radhakrishnan",
      title          = "{Measurement of the long-range pseudo-rapidity correlation and associated Fourier harmonics in $\sqrt{s_{NN}}=5.02$ TeV proton-lead collisions with the ATLAS detector}",
      collaboration  = "ATLAS",
      url            = "https://svnweb.cern.ch/cern/wsvn/atlas-jjia/jjia/pPbridge2/note_ridge2/ridge2013.pdf",
}
@article{Aad:2012xs,
      xauthor         = "Aad, Georges and others",
      title          = "{Performance of the ATLAS Trigger System in 2010}",
      collaboration  = "ATLAS",
      journal        = "Eur. Phys. J.~C",
      volume         = "72",
      year           = "2012",
      pages          = "1849",
      doi            = "10.1140/epjc/s10052-011-1849-1",
      eprint         = "1110.1530",
      archivePrefix  = "arXiv",
      primaryClass   = "hep-ex",
      reportNumber   = "CERN-PH-EP-2011-078",
      SLACcitation   = "%%CITATION = ARXIV:1110.1530;%%"
}
@article{Aad:2012bu,
      author         = "Aad, Georges and others",
      title          = "{Measurement of the azimuthal anisotropy for charged
                        particle production in $\sqrt{s_{_{NN}}}=2.76$ TeV lead-lead
                        collisions with the ATLAS detector}",
      collaboration  = "ATLAS",
      journal        = "Phys.~Rev.~C",
      volume         = "86",
      pages          = "014907",
      doi            = "10.1103/PhysRevC.86.014907",
      year           = "2012",
      xeprint         = "1203.3087",
      xarchivePrefix  = "arXiv",
      xprimaryClass   = "hep-ex",
      xreportNumber   = "CERN-PH-EP-2012-035",
      xSLACcitation   = "%%CITATION = ARXIV:1203.3087;%%",
}
@article{Gyulassy:1994ew,
      author         = "Gyulassy, Miklos and Wang, Xin-Nian",
      title          = "{HIJING 1.0: A Monte Carlo program for parton and
                        particle production in high-energy hadronic and nuclear
                        collisions}",
      journal        = "Comput.~Phys.~Commun.",
      volume         = "83",
      pages          = "307",
      doi            = "10.1016/0010-4655(94)90057-4",
      year           = "1994",
      xeprint         = "nucl-th/9502021",
      xarchivePrefix  = "arXiv",
      xprimaryClass   = "nucl-th",
      xreportNumber   = "LBL-34246",
      xSLACcitation   = "%%CITATION = NUCL-TH/9502021;%%",
}
@article{Sjostrand:2007gs,
      author         = "Sjostrand, Torbjorn and Mrenna, Stephen and Skands, Peter
                        Z.",
      title          = "{A Brief Introduction to PYTHIA 8.1}",
      journal        = "Comput. Phys. Commun.",
      volume         = "178",
      year           = "2008",
      pages          = "852-867",
      doi            = "10.1016/j.cpc.2008.01.036",
      eprint         = "0710.3820",
      archivePrefix  = "arXiv",
      primaryClass   = "hep-ph",
      reportNumber   = "CERN-LCGAPP-2007-04, LU-TP-07-28,
                        FERMILAB-PUB-07-512-CD-T",
      SLACcitation   = "%%CITATION = ARXIV:0710.3820;%%"
}
@article{Agostinelli:2002hh,
      author         = "Agostinelli, S. and others",
      title          = "{GEANT4: A Simulation toolkit}",
      collaboration  = "GEANT4",
      journal        = "Nucl.~Instrum.~Meth.~A",
      volume         = "506",
      pages          = "250",
      doi            = "10.1016/S0168-9002(03)01368-8",
      year           = "2003",
      reportNumber   = "SLAC-PUB-9350, FERMILAB-PUB-03-339",
      SLACcitation   = "%%CITATION = NUIMA,A506,250;%%",
}
@article{Aad:2010ah,
      title          = "{The ATLAS Simulation Infrastructure}",
      collaboration  = "ATLAS",
      journal        = "Eur.~Phys.~J.~C",
      volume         = "70",
      pages          = "823",
      year           = "2010",
      doi            = "10.1140/epjc/s10052-010-1429-9",
      xeprint         = "1005.4568",
      xarchivePrefix  = "arXiv",
      xprimaryClass   = "physics",
}
@article{Adare:2008ae,
      author         = "Adare, A. and others",
      title          = "{Dihadron azimuthal correlations in Au+Au collisions at
                        s(NN)**(1/2) = 200-GeV}",
      collaboration  = "PHENIX",
      journal        = "Phys. Rev.",
      volume         = "C78",
      year           = "2008",
      pages          = "014901",
      doi            = "10.1103/PhysRevC.78.014901",
      eprint         = "0801.4545",
      archivePrefix  = "arXiv",
      primaryClass   = "nucl-ex",
      SLACcitation   = "%%CITATION = ARXIV:0801.4545;%%"
}
@article{Yan:2013laa,
      author         = "Yan, Li and Ollitrault, Jean-Yves",
      title          = "{Universal fluctuation-driven eccentricities in
                        proton-proton, proton-nucleus and nucleus-nucleus
                        collisions}",
      journal        = "Phys. Rev. Lett.",
      volume         = "112",
      year           = "2014",
      pages          = "082301",
      doi            = "10.1103/PhysRevLett.112.082301",
      eprint         = "1312.6555",
      archivePrefix  = "arXiv",
      primaryClass   = "nucl-th",
      SLACcitation   = "%%CITATION = ARXIV:1312.6555;%%"
}
@article{Bzdak:2013rya,
      author         = "Bzdak, Adam and Bozek, Piotr and McLerran, Larry",
      title          = "{Fluctuation induced equality of multi-particle
                        eccentricities for four or more particles}",
      journal        = "Nucl. Phys.",
      volume         = "A927",
      year           = "2014",
      pages          = "15-23",
      doi            = "10.1016/j.nuclphysa.2014.03.007",
      eprint         = "1311.7325",
      archivePrefix  = "arXiv",
      primaryClass   = "hep-ph",
      reportNumber   = "RBRC-1053",
      SLACcitation   = "%%CITATION = ARXIV:1311.7325;%%"
}
@article{Abelev:2009af,
      author         = "Abelev, B. I. and others",
      title          = "{Long range rapidity correlations and jet production in
                        high energy nuclear collisions}",
      collaboration  = "STAR",
      journal        = "Phys. Rev.",
      volume         = "C80",
      year           = "2009",
      pages          = "064912",
      doi            = "10.1103/PhysRevC.80.064912",
      eprint         = "0909.0191",
      archivePrefix  = "arXiv",
      primaryClass   = "nucl-ex",
      SLACcitation   = "%%CITATION = ARXIV:0909.0191;%%"
}
@article{Alver:2009id,
      author         = "Alver, B. and others",
      title          = "{High transverse momentum triggered correlations over a
                        large pseudorapidity acceptance in Au+Au collisions at
                        s(NN)**1/2 = 200 GeV}",
      collaboration  = "PHOBOS",
      journal        = "Phys. Rev. Lett.",
      volume         = "104",
      year           = "2010",
      pages          = "062301",
      doi            = "10.1103/PhysRevLett.104.062301",
      eprint         = "0903.2811",
      archivePrefix  = "arXiv",
      primaryClass   = "nucl-ex",
      SLACcitation   = "%%CITATION = ARXIV:0903.2811;%%"
}
@article{ALICE:2011ab,
      author         = "Aamodt, K. and others",
      title          = "{Higher harmonic anisotropic flow measurements of charged
                        particles in Pb-Pb collisions at $\sqrt{s_{NN}}=2.76$
                        TeV}",
      collaboration  = "ALICE",
      journal        = "Phys.~Rev.~Lett.",
      volume         = "107",
      pages          = "032301",
      doi            = "10.1103/PhysRevLett.107.032301",
      year           = "2011",
      xeprint         = "1105.3865",
      xarchivePrefix  = "arXiv",
      xprimaryClass   = "nucl-ex",
      xreportNumber   = "CERN-PH-EP-2011-073",
      xSLACcitation   = "%%CITATION = ARXIV:1105.3865;%%",
}
@article{Chatrchyan:2013kba,
      author         = "Chatrchyan, Serguei and others",
      title          = "{Measurement of higher-order harmonic azimuthal
                        anisotropy in PbPb collisions at $\sqrt{s_{NN}}$ = 2.76
                        TeV}",
      collaboration  = "CMS",
      journal        = "Phys.~Rev.~C",
      volume         = "89",
      pages          = "044906",
      doi            = "10.1103/PhysRevC.89.044906",
      year           = "2014",
      xeprint         = "1310.8651",
      xarchivePrefix  = "arXiv",
      xprimaryClass   = "nucl-ex",
      xreportNumber   = "CMS-HIN-11-005, CERN-PH-EP-2013-196",
      xSLACcitation   = "%%CITATION = ARXIV:1310.8651;%%",
}
@article{CMS:2012qk,
      author         = "Chatrchyan, Serguei and others",
      title          = "{Observation of long-range near-side angular correlations
                        in proton-lead collisions at the LHC}",
      collaboration  = "CMS Collaboration",
      journal        = "Phys.~Lett.~B",
      volume         = "718",
      pages          = "795",
      doi            = "10.1016/j.physletb.2012.11.025",
      year           = "2013",
      xeprint         = "1210.5482",
      xarchivePrefix  = "arXiv",
      xprimaryClass   = "nucl-ex",
      xreportNumber   = "CMS-HIN-12-005, CERN-PH-EP-2012-320, CMS-HIN-12-015",
      xSLACcitation   = "%%CITATION = ARXIV:1210.5482;%%",
}



@article{Adare:2013piz,
      author         = "Adare, A. and others",
      title          = "{Quadrupole Anisotropy in Dihadron Azimuthal Correlations
                        in Central $d$$+$Au Collisions at $\sqrt{s_{_{NN}}}$=200
                        GeV}",
      collaboration  = "PHENIX Collaboration",
      journal        = "Phys.~Rev.~Lett.",
      volume         = "111",
      pages          = "212301",
      doi            = "10.1103/PhysRevLett.111.212301",
      year           = "2013",
      xeprint         = "1303.1794",
      xarchivePrefix  = "arXiv",
      xprimaryClass   = "nucl-ex",
      xSLACcitation   = "%%CITATION = ARXIV:1303.1794;%%",
}
@article{Khachatryan:2010gv,
      author         = "Khachatryan, Vardan and others",
      title          = "{Observation of Long-Range Near-Side Angular Correlations
                        in Proton-Proton Collisions at the LHC}",
      collaboration  = "CMS",
      journal        = "JHEP",
      volume         = "1009",
      pages          = "091",
      doi            = "10.1007/JHEP09(2010)091",
      year           = "2010",
      eprint         = "1009.4122",
      archivePrefix  = "arXiv",
      primaryClass   = "hep-ex",
      reportNumber   = "CMS-QCD-10-002, CERN-PH-EP-2010-031",
      SLACcitation   = "%%CITATION = ARXIV:1009.4122;%%",
}



































@article{Adare:2011tg,
      author         = "Adare, A. and others",
      title          = "{Measurements of Higher-Order Flow Harmonics in Au+Au
                        Collisions at $\sqrt{s_{NN}} = 200$ GeV}",
      collaboration  = "PHENIX",
      journal        = "Phys.~Rev.~Lett.",
      volume         = "107",
      pages          = "252301",
      doi            = "10.1103/PhysRevLett.107.252301",
      year           = "2011",
      xeprint         = "1105.3928",
      xarchivePrefix  = "arXiv",
      xprimaryClass   = "nucl-ex",
      xSLACcitation   = "%%CITATION = ARXIV:1105.3928;%%",
}

@article{Jia:2014jca,
      author         = "Jia, Jiangyong",
      title          = "{Event-shape fluctuations and flow correlations in
                        ultra-relativistic heavy-ion collisions}",
      journal        = "J.~Phys.~G",
      volume         = "41",
      pages          = "124003",
      doi            = "10.1088/0954-3899/41/12/124003",
      year           = "2014",
      xeprint         = "1407.6057",
      xarchivePrefix  = "arXiv",
      xprimaryClass   = "nucl-ex",
      xSLACcitation   = "%%CITATION = ARXIV:1407.6057;%%",
}
@article{Jia:2014ysa,
      author         = "Jia, Jiangyong and Huo, Peng",
      title          = "{Forward-backward eccentricity and participant-plane
                        angle fluctuations and their influences on longitudinal
                        dynamics of collective flow}",
      journal        = "Phys.~Rev.~C",
      volume         = "90",
      pages          = "034915",
      doi            = "10.1103/PhysRevC.90.034915",
      year           = "2014",
      xeprint         = "1403.6077",
      xarchivePrefix  = "arXiv",
      xprimaryClass   = "nucl-th",
      xSLACcitation   = "%%CITATION = ARXIV:1403.6077;%%",
}
@article{Bhalerao:2014mua,
      author         = "Bhalerao, Rajeev S. and Ollitrault, Jean-Yves and Pal,
                        Subrata and Teaney, Derek",
      title          = "{Principal component analysis of event-by-event
                        fluctuations}",
      journal        = "Phys.~Rev.~Lett.",
      volume         = "114",
      pages          = "152301",
      doi            = "10.1103/PhysRevLett.114.152301",
      year           = "2015",
      xeprint         = "1410.7739",
      xarchivePrefix  = "arXiv",
      xprimaryClass   = "nucl-th",
      xreportNumber   = "SACLAY-T14-232",
      xSLACcitation   = "%%CITATION = ARXIV:1410.7739;%%",
}

@article{Mazeliauskas:2015vea,
      author         = "Mazeliauskas, Aleksas and Teaney, Derek",
      title          = "{Subleading harmonic flows in hydrodynamic simulations of
                        heavy ion collisions}",
      journal        = "Phys.~Rev.~C",
      volume         = "91",
      pages          = "044902",
      doi            = "10.1103/PhysRevC.91.044902",
      year           = "2015",
      eprint         = "1501.03138",
      archivePrefix  = "arXiv",
      primaryClass   = "nucl-th",
      SLACcitation   = "%%CITATION = ARXIV:1501.03138;%%",
}
@article{Bialas:2011xk,
      author         = "Bialas, A. and Zalewski, K.",
      title          = "{Multibin long-range correlations}",
      journal        = "Nucl.~Phys.~A",
      volume         = "860",
      pages          = "56",
      doi            = "10.1016/j.nuclphysa.2011.05.006",
      year           = "2011",
      eprint         = "1101.1907",
      archivePrefix  = "arXiv",
      primaryClass   = "hep-ph",
      SLACcitation   = "%%CITATION = ARXIV:1101.1907;%%",
}
@article{Gardim:2012im,
      author         = "Gardim, Fernando G. and Grassi, Frederique and Luzum,
                        Matthew and Ollitrault, Jean-Yves",
      title          = "{Breaking of factorization of two-particle correlations
                        in hydrodynamics}",
      journal        = "Phys.~Rev.~C",
      volume         = "87",
      pages          = "031901",
      doi            = "10.1103/PhysRevC.87.031901",
      year           = "2013",
      eprint         = "1211.0989",
      archivePrefix  = "arXiv",
      primaryClass   = "nucl-th",
      SLACcitation   = "%%CITATION = ARXIV:1211.0989;%%",
}
@article{Abelev:2013csa,
      author         = "Abelev, Betty and others",
      title          = "{Charge correlations using the balance function in Pb-Pb
                        collisions at $\sqrt{s_{NN}}$ = 2.76 TeV}",
      collaboration  = "ALICE",
      journal        = "Phys.~Lett.~B",
      volume         = "723",
      pages          = "267",
      doi            = "10.1016/j.physletb.2013.05.039",
      year           = "2013",
      eprint         = "1301.3756",
      archivePrefix  = "arXiv",
      primaryClass   = "nucl-ex",
      reportNumber   = "CERN-PH-EP-2012-371",
      SLACcitation   = "%%CITATION = ARXIV:1301.3756;%%",
}

@article{Bass:2000az,
      author         = "Bass, Steffen A. and Danielewicz, Pawel and Pratt, Scott",
      title          = "{Clocking hadronization in relativistic heavy ion
                        collisions with balance functions}",
      journal        = "Phys.~Rev.~Lett.",
      volume         = "85",
      pages          = "2689",
      doi            = "10.1103/PhysRevLett.85.2689",
      year           = "2000",
      eprint         = "nucl-th/0005044",
      archivePrefix  = "arXiv",
      primaryClass   = "nucl-th",
      SLACcitation   = "%%CITATION = NUCL-TH/0005044;%%",
}
@article{Adams:2003kg,
      author         = "Adams, J. and others",
      title          = "{Narrowing of the balance function with centrality in au
                        + au collisions at (S(NN))**1/2 = 130-GeV}",
      collaboration  = "STAR",
      journal        = "Phys.~Rev.~Lett.",
      volume         = "90",
      pages          = "172301",
      doi            = "10.1103/PhysRevLett.90.172301",
      year           = "2003",
      eprint         = "nucl-ex/0301014",
      archivePrefix  = "arXiv",
      primaryClass   = "nucl-ex",
      SLACcitation   = "%%CITATION = NUCL-EX/0301014;%%",
}

@article{Jia:2014vja,
      author         = "Jia, Jiangyong and Huo, Peng",
      title          = "{A method for studying the rapidity fluctuation and
                        decorrelation of harmonic flow in heavy-ion collisions}",
      journal        = "Phys.~Rev.~C",
      volume         = "90",
      pages          = "034905",
      doi            = "10.1103/PhysRevC.90.034905",
      year           = "2014",
      xeprint         = "1402.6680",
      xarchivePrefix  = "arXiv",
      xprimaryClass   = "nucl-th",
      xSLACcitation   = "%%CITATION = ARXIV:1402.6680;%%",
}

@article{Bialas:2010zb,
      author         = "Bialas, A. and Zalewski, K.",
      title          = "{Hidden asymmetry and forward-backward correlations}",
      journal        = "Phys.~Rev.~C",
      volume         = "82",
      pages          = "034911",
      doi            = "10.1103/PhysRevC.85.029903, 10.1103/PhysRevC.82.034911",
      year           = "2010",
      xeprint         = "1008.4690",
      xarchivePrefix  = "arXiv",
      xprimaryClass   = "hep-ph",
      xSLACcitation   = "%%CITATION = ARXIV:1008.4690;%%",
}
@article{Vechernin:2013vpa,
      author         = "Vechernin, Vladimir",
      title          = "{On description of the correlation between multiplicities
                        in windows separated in azimuth and rapidity}",
      journal        = "PoS",
      volume         = "QFTHEP2013",
      pages          = "055",
      year           = "2013",
      xeprint         = "1305.0857",
      xarchivePrefix  = "arXiv",
      xprimaryClass   = "hep-ph",
      xSLACcitation   = "%%CITATION = ARXIV:1305.0857;%%",
}
@article{Ansorge:1988fg,
      author         = "Ansorge, R.E. and others",
      title          = "{Charged Particle Correlations in $\bar{P} P$ Collisions
                        at c.m. Energies of 200-{GeV}, 546-{GeV} and 900-{GeV}}",
      collaboration  = "UA5",
      journal        = "Z.~Phys.~C",
      volume         = "37",
      pages          = "191",
      doi            = "10.1007/BF01579906",
      year           = "1988",
      SLACcitation   = "%%CITATION = ZEPYA,C37,191;%%",
}
@article{Uhlig:1977dc,
      author         = "Uhlig, S. and Derado, I. and Meinke, R. and Preissner,
                        H.",
      title          = "{Observation of Charged Particle Correlations Between the
                        Forward and Backward Hemispheres in $p p$ Collisions at
                        ISR Energies}",
      journal        = "Nucl.~Phys.~B",
      volume         = "132",
      pages          = "15",
      doi            = "10.1016/0550-3213(78)90254-7",
      year           = "1978",
      reportNumber   = "MPI-PAE/Exp-El-66",
      SLACcitation   = "%%CITATION = NUPHA,B132,15;%%",
}
@article{Braunschweig:1989bp,
      author         = "Braunschweig, W. and others",
      title          = "{Charged Multiplicity Distributions and Correlations in
                        e+ e- Annihilation at PETRA Energies}",
      collaboration  = "TASSO",
      journal        = "Z.Phys.",
      volume         = "C45",
      pages          = "193",
      doi            = "10.1007/BF01674450",
      year           = "1989",
      reportNumber   = "DESY-89-038",
      SLACcitation   = "%%CITATION = ZEPYA,C45,193;%%",
}
@article{Bzdak:2012tp,
      author         = "Bzdak, Adam and Teaney, Derek",
      title          = "{Longitudinal fluctuations of the fireball density in
                        heavy-ion collisions}",
      journal        = "Phys.~Rev.~C",
      volume         = "87",
      pages          = "024906",
      doi            = "10.1103/PhysRevC.87.024906",
      year           = "2013",
      xeprint         = "1210.1965",
      xarchivePrefix  = "arXiv",
      xprimaryClass   = "nucl-th",
      xreportNumber   = "RBRC-971",
      xSLACcitation   = "%%CITATION = ARXIV:1210.1965;%%",
}
@article{Abelev:2009ag,
      author         = "Abelev, B.I. and others",
      title          = "{Growth of Long Range Forward-Backward Multiplicity
                        Correlations with Centrality in Au+Au Collisions at
                        s(NN)**(1/2) = 200-GeV}",
      collaboration  = "STAR",
      journal        = "Phys.~Rev.~Lett.",
      volume         = "103",
      pages          = "172301",
      doi            = "10.1103/PhysRevLett.103.172301",
      year           = "2009",
      xeprint         = "0905.0237",
      xarchivePrefix  = "arXiv",
      xprimaryClass   = "nucl-ex",
      xSLACcitation   = "%%CITATION = ARXIV:0905.0237;%%",
}
@article{Back:2006id,
      author         = "Back, B.B. and others",
      title          = "{Forward-backward multiplicity correlations in
                        s(NN)**(1/2) = 200-GeV Au + Au collisions}",
      collaboration  = "PHOBOS",
      journal        = "Phys.~Rev.~C",
      volume         = "74",
      pages          = "011901",
      doi            = "10.1103/PhysRevC.74.011901",
      year           = "2006",
      xeprint         = "nucl-ex/0603026",
      xarchivePrefix  = "arXiv",
      xprimaryClass   = "nucl-ex",
      xSLACcitation   = "%%CITATION = NUCL-EX/0603026;%%",
}
@article{ATLAS:2012as,
      author         = "Aad, Georges and others",
      title          = "{Forward-backward correlations and charged-particle
                        azimuthal distributions in pp interactions using the ATLAS
                        detector}",
      collaboration  = "ATLAS",
      journal        = "JHEP",
      volume         = "1207",
      pages          = "019",
      doi            = "10.1007/JHEP07(2012)019",
      year           = "2012",
      xeprint         = "1203.3100",
      xarchivePrefix  = "arXiv",
      xprimaryClass   = "hep-ex",
      xreportNumber   = "CERN-PH-EP-2012-027",
      xSLACcitation   = "%%CITATION = ARXIV:1203.3100;%%",
}
@article{Adam:2015mya,
      author         = "Adam, Jaroslav and others",
      title          = "{Forward-backward multiplicity correlations in pp
                        collisions at $\sqrt{s}$=0.9, 2.76 and 7 TeV}",
      collaboration  = "ALICE",
      year           = "2015",
      eprint         = "1502.00230",
      archivePrefix  = "arXiv",
      primaryClass   = "nucl-ex",
      reportNumber   = "CERN-PH-EP-2015-012",
      SLACcitation   = "%%CITATION = ARXIV:1502.00230;%%",
}
@article{Gale:2013da,
      author         = "Gale, Charles and Jeon, Sangyong and Schenke, Bjoern",
      title          = "{Hydrodynamic Modeling of Heavy-Ion Collisions}",
      journal        = "Int.~J.~Mod.~Phys.",
      volume         = "A28",
      pages          = "1340011",
      doi            = "10.1142/S0217751X13400113",
      year           = "2013",
      eprint         = "1301.5893",
      archivePrefix  = "arXiv",
      primaryClass   = "nucl-th",
      SLACcitation   = "%%CITATION = ARXIV:1301.5893;%%",
}
@article{Luzum:2013yya,
      author         = "Luzum, Matthew and Petersen, Hannah",
      title          = "{Initial State Fluctuations and Final State Correlations
                        in Relativistic Heavy-Ion Collisions}",
      journal        = "J.~Phys.",
      volume         = "G41",
      pages          = "063102",
      doi            = "10.1088/0954-3899/41/6/063102",
      year           = "2014",
      eprint         = "1312.5503",
      archivePrefix  = "arXiv",
      primaryClass   = "nucl-th",
      SLACcitation   = "%%CITATION = ARXIV:1312.5503;%%",
}

@article{Heinz:2013th,
      author         = "Heinz, Ulrich and Snellings, Raimond",
      title          = "{Collective flow and viscosity in relativistic heavy-ion
                        collisions}",
      journal        = "Ann.~Rev.~Nucl.~Part.~Sci.",
      volume         = "63",
      pages          = "123",
      doi            = "10.1146/annurev-nucl-102212-170540",
      year           = "2013",
      eprint         = "1301.2826",
      archivePrefix  = "arXiv",
      primaryClass   = "nucl-th",
      SLACcitation   = "%%CITATION = ARXIV:1301.2826;%%",
}

@article{Lin:2004en,
      author         = "Lin, Zi-Wei and Ko, Che Ming and Li, Bao-An and Zhang,
                        Bin and Pal, Subrata",
      title          = "{A Multi-phase transport model for relativistic heavy ion
                        collisions}",
      journal        = "Phys.~Rev.~C",
      volume         = "72",
      pages          = "064901",
      doi            = "10.1103/PhysRevC.72.064901",
      year           = "2005",
      xeprint         = "nucl-th/0411110",
      xarchivePrefix  = "arXiv",
      xprimaryClass   = "nucl-th",
      xSLACcitation   = "%%CITATION = NUCL-TH/0411110;%%",
}

@article{Gyulassy:1996br,
      author         = "Gyulassy, Miklos and Rischke, Dirk H. and Zhang, Bin",
      title          = "{Hot spots and turbulent initial conditions of quark -
                        gluon plasmas in nuclear collisions}",
      journal        = "Nucl.~Phys.~A",
      volume         = "613",
      pages          = "397",
      doi            = "10.1016/S0375-9474(96)00416-2",
      year           = "1997",
      xeprint         = "nucl-th/9609030",
      xarchivePrefix  = "arXiv",
      xprimaryClass   = "nucl-th",
      xreportNumber   = "CU-TP-707",
      xSLACcitation   = "%%CITATION = NUCL-TH/9609030;%%",
}

@article{Alver:2010gr,
      author         = "Alver, B. and Roland, G.",
      title          = "{Collision geometry fluctuations and triangular flow in
                        heavy-ion collisions}",
      journal        = "Phys.~Rev.~C",
      volume         = "81",
      pages          = "054905",
      doi            = "10.1103/PhysRevC.82.039903, 10.1103/PhysRevC.81.054905",
      year           = "2010",
      xeprint         = "1003.0194",
      xarchivePrefix  = "arXiv",
      xprimaryClass   = "nucl-th",
      xSLACcitation   = "%%CITATION = ARXIV:1003.0194;%%",
}




@article{Aad:2013xma,
      author         = "Aad, Georges and others",
      title          = "{Measurement of the distributions of event-by-event flow
                        harmonics in lead-lead collisions at = 2.76 TeV with the
                        ATLAS detector at the LHC}",
      collaboration  = "ATLAS",
      journal        = "JHEP",
      volume         = "1311",
      pages          = "183",
      doi            = "10.1007/JHEP11(2013)183",
      year           = "2013",
      xeprint         = "1305.2942",
      xarchivePrefix  = "arXiv",
      xprimaryClass   = "hep-ex",
      xreportNumber   = "CERN-PH-EP-2013-04, CERN-PH-EP-2013-04",
      xSLACcitation   = "%%CITATION = ARXIV:1305.2942;%%",
}

@article{Aad:2014fla,
      author         = "Aad, Georges and others",
      title          = "{Measurement of event-plane correlations in
                        sqrt(s_NN)=2.76 TeV lead-lead collisions with the ATLAS
                        detector}",
      collaboration  = "ATLAS",
      journal        = "Phys.~Rev.~C",
      volume         = "90",
      pages          = "024905",
      doi            = "10.1103/PhysRevC.90.024905",
      year           = "2014",
      xeprint         = "1403.0489",
      xarchivePrefix  = "arXiv",
      xprimaryClass   = "hep-ex",
      xreportNumber   = "CERN-PH-EP-2014-021",
      xSLACcitation   = "%%CITATION = ARXIV:1403.0489;%%",
}

@article{Aad:2015lwa,
      author         = "Aad, Georges and others",
      title          = "{Measurement of the correlation between flow harmonics of
                        different order in lead-lead collisions at
                        $\sqrt{s_{NN}}$=2.76 TeV with the ATLAS detector}",
      collaboration  = "ATLAS",
      year           = "2015",
      eprint         = "1504.01289",
      archivePrefix  = "arXiv",
      primaryClass   = "hep-ex",
      reportNumber   = "CERN-PH-EP-2015-079",
      SLACcitation   = "%%CITATION = ARXIV:1504.01289;%%",
}


@article{Vovchenko:2013viu,
      author         = "Vovchenko, V. and Anchishkin, D. and Csernai, L.P.",
      title          = "{Longitudinal fluctuations of the center of mass of the
                        participants in heavy-ion collisions}",
      journal        = "Phys.~Rev.~C",
      volume         = "88",
      pages          = "014901",
      doi            = "10.1103/PhysRevC.88.014901",
      year           = "2013",
      eprint         = "1306.5208",
      archivePrefix  = "arXiv",
      primaryClass   = "nucl-th",
      SLACcitation   = "%%CITATION = ARXIV:1306.5208;%%",
}


@article{Bialas:2011bz,
      author         = "Bialas, A. and Bzdak, A. and Zalewski, K.",
      title          = "{Hidden Asymmetry and Long Range Rapidity Correlations}",
      journal        = "Phys.~Lett.~B",
      volume         = "710",
      pages          = "332",
      doi            = "10.1016/j.physletb.2012.03.008",
      year           = "2012",
      xeprint         = "1107.1215",
      xarchivePrefix  = "arXiv",
      xprimaryClass   = "hep-ph",
      xreportNumber   = "RBRC:-910",
      xSLACcitation   = "%%CITATION = ARXIV:1107.1215;%%",
}
@article{Bialas:1976ed,
      author         = "Bialas, A. and Bleszynski, M. and Czyz, W.",
      title          = "{Multiplicity Distributions in Nucleus-Nucleus Collisions
                        at High-Energies}",
      journal        = "Nucl.~Phys.~B",
      volume         = "111",
      pages          = "461",
      doi            = "10.1016/0550-3213(76)90329-1",
      year           = "1976",
      reportNumber   = "TPJU-9/76",
      SLACcitation   = "%%CITATION = NUPHA,B111,461;%%",
}
@article{Bzdak:2009dr,
      author         = "Bzdak, Adam and Wozniak, Krzysztof",
      title          = "{Forward-backward multiplicity fluctuations in heavy
                        nuclei collisions in the wounded nucleon model}",
      journal        = "Phys.~Rev.~C",
      volume         = "81",
      pages          = "034908",
      doi            = "10.1103/PhysRevC.81.034908",
      year           = "2010",
      xeprint         = "0911.4696",
      xarchivePrefix  = "arXiv",
      xprimaryClass   = "hep-ph",
      xSLACcitation   = "%%CITATION = ARXIV:0911.4696;%%",
}
@article{Bialas:2007eg,
      author         = "Bialas, A. and Bzdak, A.",
      title          = "{Wounded quarks and diquarks in high energy collisions}",
      journal        = "Phys.~Rev.~C",
      volume         = "77",
      pages          = "034908",
      doi            = "10.1103/PhysRevC.77.034908",
      year           = "2008",
      xeprint         = "0707.3720",
      xarchivePrefix  = "arXiv",
      xprimaryClass   = "hep-ph",
      xSLACcitation   = "%%CITATION = ARXIV:0707.3720;%%",
}
@article{Bozek:2010vz,
      author         = "Bozek, Piotr and Broniowski, Wojciech and Moreira, Joao",
      title          = "{Torqued fireballs in relativistic heavy-ion collisions}",
      journal        = "Phys.~Rev.~C",
      volume         = "83",
      pages          = "034911",
      doi            = "10.1103/PhysRevC.83.034911",
      year           = "2011",
      xeprint         = "1011.3354",
      xarchivePrefix  = "arXiv",
      xprimaryClass   = "nucl-th",
      xSLACcitation   = "%%CITATION = ARXIV:1011.3354;%%",
}
@article{Pang:2014pxa,
      author         = "Pang, Long-Gang and Qin, Guang-You and Roy, Victor and
                        Wang, Xin-Nian and Ma, Guo-Liang",
      title          = "{Longitudinal decorrelation of anisotropic flows in
                        heavy-ion collisions at the CERN Large Hadron Collider}",
      journal        = "Phys.~Rev.~C",
      volume         = "91",
      pages          = "044904",
      doi            = "10.1103/PhysRevC.91.044904",
      year           = "2015",
      xeprint         = "1410.8690",
      xarchivePrefix  = "arXiv",
      xprimaryClass   = "nucl-th",
      xSLACcitation   = "%%CITATION = ARXIV:1410.8690;%%",
}

@article{Abelev:2013qoq,
      author         = "Abelev, Betty and others",
      title          = "{Centrality determination of Pb-Pb collisions at
                        $\sqrt{s_{NN}}$ = 2.76 TeV with ALICE}",
      collaboration  = "ALICE",
      journal        = "Phys.Rev.",
      number         = "4",
      volume         = "C88",
      pages          = "044909",
      doi            = "10.1103/PhysRevC.88.044909",
      year           = "2013",
      eprint         = "1301.4361",
      archivePrefix  = "arXiv",
      primaryClass   = "nucl-ex",
      reportNumber   = "CERN-PH-EP-2012-368",
      SLACcitation   = "%%CITATION = ARXIV:1301.4361;%%",
}
@article{Steinberg:2007fg,
      author         = "Steinberg, Peter",
      title          = "{Inclusive pseudorapidity distributions in p(d) + A
                        collisions modeled with shifted rapidity distributions}",
      journal        = "Phys.~Lett.~B",
      year           = "2007",
      eprint         = "nucl-ex/0703002",
      archivePrefix  = "arXiv",
      primaryClass   = "NUCL-EX",
      SLACcitation   = "%%CITATION = NUCL-EX/0703002;%%",
}
@article{Adare:2013nff,
      author         = "Adare, A. and others",
      title          = "{Centrality categorization for $R_{p(d)+A}$ in
                        high-energy collisions}",
      collaboration  = "PHENIX",
      journal        = "Phys.~Rev.~C",
      volume         = "90",
      pages          = "034902",
      doi            = "10.1103/PhysRevC.90.034902",
      year           = "2014",
      eprint         = "1310.4793",
      archivePrefix  = "arXiv",
      primaryClass   = "nucl-ex",
      SLACcitation   = "%%CITATION = ARXIV:1310.4793;%%",
}

@article{Adam:2014qja,
      author         = "Adam, Jaroslav and others",
      title          = "{Centrality dependence of particle production in p-Pb
                        collisions at $\sqrt{s_{\rm NN} }$= 5.02 TeV}",
      collaboration  = "ALICE",
      year           = "2014",
      eprint         = "1412.6828",
      archivePrefix  = "arXiv",
      primaryClass   = "nucl-ex",
      reportNumber   = "CERN-PH-EP-2014-281",
      SLACcitation   = "%%CITATION = ARXIV:1412.6828;%%",
}

@article{jjia,
      author         = "Jia, Jiangyong and Zhou, Mingliang and Trzupek, Adam",
      title         = "{}",
      journal        = "Note on the subevent cumulant method",
      url            = "https://drive.google.com/open?id=0B-lbGvUuUPNETk85VG5Hc1I5eXc",
}

@article{ATLAS-CONF-2013-096,
      author	     = "Aad, G and others",
      collaboration   = "ATLAS",
       title         = "{Measurement of the centrality dependence of the charged
                       particle pseudorapidity distribution in proton-lead
                       collisions at $\sqrt{s_{NN}} = 5.02$ TeV with the ATLAS
                       detector}",
      institution   = "CERN",
      address       = "Geneva",
      journal         = "ATLAS-CONF-2013-096",
      year          = "2013",
      url           = "https://cds.cern.ch/record/1599773",
}
@article{Perepelitsa:2014yta,
      author         = "Perepelitsa, Dennis V. and Steinberg, Peter A.",
      title          = "{Calculation of centrality bias factors in $p$+A
                        collisions based on a positive correlation of hard process
                        yields with underlying event activity}",
      year           = "2014",
      eprint         = "1412.0976",
      archivePrefix  = "arXiv",
      primaryClass   = "nucl-ex",
      SLACcitation   = "%%CITATION = ARXIV:1412.0976;%%",
}

@article{Khachatryan:2015oea,
      author         = "Khachatryan, Vardan and others",
      title          = "{Evidence for transverse momentum and pseudorapidity
                        dependent event plane fluctuations in PbPb and pPb
                        collisions}",
      collaboration  = "CMS",
      year           = "2015",
      eprint         = "1503.01692",
      archivePrefix  = "arXiv",
      primaryClass   = "nucl-ex",
      reportNumber   = "CMS-HIN-14-012, CERN-PH-EP-2015-039",
      SLACcitation   = "%%CITATION = ARXIV:1503.01692;%%",
}

@article{Bozek:2015bha,
      author         = "Bozek, Piotr and Broniowski, Wojciech and Olszewski,
                        Adam",
      title          = "{Hydrodynamic modeling of pseudorapidity flow
                        correlations in relativistic heavy-ion collisions and the
                        torque effect}",
      year           = "2015",
      eprint         = "1503.07425",
      archivePrefix  = "arXiv",
      primaryClass   = "nucl-th",
      SLACcitation   = "%%CITATION = ARXIV:1503.07425;%%",
}

@article{Schukraft:2012ah,
      author         = "Schukraft, Jurgen and Timmins, Anthony and Voloshin,
                        Sergei A.",
      title          = "{Ultra-relativistic nuclear collisions: event shape
                        engineering}",
      journal        = "Phys.~Lett.~B",
      volume         = "719",
      pages          = "394",
      doi            = "10.1016/j.physletb.2013.01.045",
      year           = "2013",
      xeprint         = "1208.4563",
      xarchivePrefix  = "arXiv",
      xprimaryClass   = "nucl-ex",
      xSLACcitation   = "%%CITATION = ARXIV:1208.4563;%%",
}
@article{Huo:2013qma,
      author         = "Huo, Peng and Jia, Jiangyong and Mohapatra, Soumya",
      title          = "{Elucidating the event-by-event flow fluctuations in
                        heavy-ion collisions via the event shape selection
                        technique}",
      journal        = "Phys.~Rev.~C",
      volume         = "90",
      pages          = "024910",
      doi            = "10.1103/PhysRevC.90.024910",
      year           = "2014",
      xeprint         = "1311.7091",
      xarchivePrefix  = "arXiv",
      xprimaryClass   = "nucl-ex",
      xSLACcitation   = "%%CITATION = ARXIV:1311.7091;%%",
}


@article{Xu:2011jm,
      author         = "Xu, Jun and Ko, Che Ming",
      title          = "{Higher-order anisotropic flows and dihadron correlations
                        in Pb-Pb collisions at $\sqrt{s_{NN}}=2.76$ TeV in a
                        multiphase transport model}",
      journal        = "Phys.~Rev.~C",
      volume         = "84",
      pages          = "044907",
      doi            = "10.1103/PhysRevC.84.044907",
      year           = "2011",
      xeprint         = "1108.0717",
      xarchivePrefix  = "arXiv",
      xprimaryClass   = "nucl-th",
      xSLACcitation   = "%%CITATION = ARXIV:1108.0717;%%",
}
@article{Xu:2011fe,
      author         = "Xu, Jun and Ko, Che Ming",
      title          = "{Triangular flow in heavy ion collisions in a multiphase
                        transport model}",
      journal        = "Phys.~Rev.~C",
      volume         = "84",
      pages          = "014903",
      doi            = "10.1103/PhysRevC.84.014903",
      year           = "2011",
      xeprint         = "1103.5187",
      xarchivePrefix  = "arXiv",
      xprimaryClass   = "nucl-th",
      xSLACcitation   = "%%CITATION = ARXIV:1103.5187;%%",
}

@article{Pang:2013pma,
      author         = "Pang, Longgang and Wang, Qun and Wang, Xin-Nian",
      title          = "{Relics of Minijets amid Anisotropic Flows in High-energy
                        Heavy-ion Collisions}",
      journal        = "Phys.~Rev.~C",
      volume         = "89",
      pages          = "064910",
      doi            = "10.1103/PhysRevC.89.064910",
      year           = "2014",
      xeprint         = "1309.6735",
      xarchivePrefix  = "arXiv",
      xprimaryClass   = "nucl-th",
      xreportNumber   = "NT-LBNL-13-009",
      xSLACcitation   = "%%CITATION = ARXIV:1309.6735;%%",
}


@article{Pang:2012uw,
      author         = "Pang, Longgang and Wang, Qun and Wang, Xin-Nian",
      title          = "{Effect of longitudinal fluctuation in event-by-event
                        (3+1)D hydrodynamics}",
      journal        = "Nucl.~Phys.~A",
      volume         = "904",
      pages          = "811c",
      doi            = "10.1016/j.nuclphysa.2013.02.140",
      year           = "2013",
      xeprint         = "1211.1570",
      xarchivePrefix  = "arXiv",
      xprimaryClass   = "nucl-th",
      xreportNumber   = "NT-LBL-12-022",
      xSLACcitation   = "%%CITATION = ARXIV:1211.1570;%%",
}
@article{Jia:2013tja,
      author         = "Jia, Jiangyong and Mohapatra, Soumya",
      title          = "{Disentangling flow and nonflow correlations via Bayesian
                        unfolding of the event-by-event distributions of harmonic
                        coefficients in ultrarelativistic heavy-ion collisions}",
      journal        = "Phys.~Rev.~C",
      volume         = "88",
      pages          = "014907",
      doi            = "10.1103/PhysRevC.88.014907",
      year           = "2013",
      xeprint         = "1304.1471",
      xarchivePrefix  = "arXiv",
      xprimaryClass   = "nucl-ex",
      xSLACcitation   = "%%CITATION = ARXIV:1304.1471;%%",
}

@article{Abelev:2013qoq,
      author         = "Abelev, Betty and others",
      title          = "{Centrality determination of Pb-Pb collisions at
                        $\sqrt{s_{NN}}$ = 2.76 TeV with ALICE}",
      collaboration  = "ALICE",
      journal        = "Phys.Rev.",
      number         = "4",
      volume         = "C88",
      pages          = "044909",
      doi            = "10.1103/PhysRevC.88.044909",
      year           = "2013",
      eprint         = "1301.4361",
      archivePrefix  = "arXiv",
      primaryClass   = "nucl-ex",
      reportNumber   = "CERN-PH-EP-2012-368",
      SLACcitation   = "%%CITATION = ARXIV:1301.4361;%%",
}



@article{Aad:2011yk,
      xauthor         = "Aad, Georges and others",
      title          = "{Measurement of the pseudorapidity and transverse
                        momentum dependence of the elliptic flow of charged
                        particles in lead-lead collisions at $\sqrt{s_{_{NN}}}=2.76$
                        TeV with the ATLAS detector}",
      collaboration  = "ATLAS",
      journal        = "Phys.~Lett.~B",
      volume         = "707",
      pages          = "330",
      doi            = "10.1016/j.physletb.2011.12.056",
      year           = "2012",
      xeprint         = "1108.6018",
      xarchivePrefix  = "arXiv",
      xprimaryClass   = "hep-ex",
      xreportNumber   = "CERN-PH-EP-2011-124",
      xSLACcitation   = "%%CITATION = ARXIV:1108.6018;%%",
}
@article{Aad:2011yr,
      xauthor         = "Aad, Georges and others",
      title          = "{Measurement of the centrality dependence of the charged
                        particle pseudorapidity distribution in lead-lead
                        collisions at $\sqrt{s_{_{NN}}}=2.76$ TeV with the ATLAS
                        detector}",
      collaboration  = "ATLAS",
      journal        = "Phys.~Lett.~B",
      volume         = "710",
      pages          = "363",
      doi            = "10.1016/j.physletb.2012.02.045",
      year           = "2012",
      xeprint         = "1108.6027",
      xarchivePrefix  = "arXiv",
      xprimaryClass   = "hep-ex",
      xreportNumber   = "CERN-PH-EP-2011-118",
      xSLACcitation   = "%%CITATION = ARXIV:1108.6027;%%",
}
@article{Aad:2011he,
      xauthor         = "Aad, Georges and others",
      title          = "{Jet energy measurement with the ATLAS detector in
                        proton-proton collisions at $\sqrt{s}=7$ TeV}",
      collaboration  = "ATLAS",
      journal        = "Eur.~Phys.~J.~C",
      volume         = "73",
      pages          = "2304",
      doi            = "10.1140/epjc/s10052-013-2304-2",
      year           = "2013",
      xeprint         = "1112.6426",
      xarchivePrefix  = "arXiv",
      xprimaryClass   = "hep-ex",
      xreportNumber   = "CERN-PH-EP-2011-191",
      xSLACcitation   = "%%CITATION = ARXIV:1112.6426;%%",
}
@article{Miller:2007ri,
      author         = "Miller, Michael L. and Reygers, Klaus and Sanders,
                        Stephen J. and Steinberg, Peter",
      title          = "{Glauber modeling in high energy nuclear collisions}",
      journal        = "Ann.~Rev.~Nucl.~Part.~Sci.",
      volume         = "57",
      pages          = "205",
      doi            = "10.1146/annurev.nucl.57.090506.123020",
      year           = "2007",
      xeprint         = "nucl-ex/0701025",
      xarchivePrefix  = "arXiv",
      xprimaryClass   = "nucl-ex",
      SLACcitation   = "%%CITATION = NUCL-EX/0701025;%%",
}

@article{Aamodt:2011by,
      author         = "Aamodt, K. and others",
      title          = "{Harmonic decomposition of two-particle angular
                        correlations in Pb-Pb collisions at $\sqrt{s_{_{NN}}}=2.76$
                        TeV}",
      collaboration  = "ALICE",
      journal        = "Phys.~Lett.~B",
      volume         = "708",
      pages          = "249",
      doi            = "10.1016/j.physletb.2012.01.060",
      year           = "2012",
      xeprint         = "1109.2501",
      xarchivePrefix  = "arXiv",
      xprimaryClass   = "nucl-ex",
      xSLACcitation   = "%%CITATION = ARXIV:1109.2501;%%",
}
@article{Aad:2016mok,
      author         = "Aad, Georges and others",
      title          = "{Charged-particle distributions in $\sqrt{s}$=13 TeV $pp$
                        interactions measured with the ATLAS detector at the LHC}",
      collaboration  = "ATLAS",
      journal        = "Phys. Lett.",
      volume         = "B758",
      year           = "2016",
      pages          = "67-88",
      doi            = "10.1016/j.physletb.2016.04.050",
      eprint         = "1602.01633",
      archivePrefix  = "arXiv",
      primaryClass   = "hep-ex",
      reportNumber   = "CERN-EP-2016-014",
      SLACcitation   = "%%CITATION = ARXIV:1602.01633;%%"
}
